<?xml version="1.0" encoding="UTF-8"?><collection xmlns="http://www.loc.gov/MARC21/slim"><record><leader>00500nam--2200193-i-4500</leader><controlfield tag="001">000048398</controlfield><controlfield tag="002">20161230</controlfield><controlfield tag="005">20161230201047</controlfield><controlfield tag="008">060222s1000------------r-----000-0-rus-d</controlfield><datafield ind1=" " ind2=" " tag="040"><subfield code="a">IFIN-HH</subfield></datafield><datafield ind1=" " ind2=" " tag="041"><subfield code="a">rus</subfield></datafield><datafield ind1=" " ind2=" " tag="080"><subfield code="a">536.23</subfield></datafield><datafield ind1="1" ind2=" " tag="100"><subfield code="a">Abramenko, T. N</subfield></datafield><datafield ind1="1" ind2="0" tag="245"><subfield code="a">Termicheskaia diffuzia v gazah</subfield><subfield code="c">T.n. abramenko; a.f. zolotuhina; e.a. saskov</subfield></datafield><datafield ind1=" " ind2=" " tag="260"><subfield code="a">Minsk</subfield><subfield code="b">Nauka I Tehnika</subfield><subfield code="c">1982</subfield></datafield><datafield ind1=" " ind2=" " tag="300"><subfield code="a">191 P</subfield></datafield><datafield ind1="1" ind2=" " tag="700"><subfield code="a">Saskov,E.A</subfield></datafield><datafield ind1=" " ind2=" " tag="852"><subfield code="a">70799</subfield><subfield code="c">536</subfield></datafield><datafield ind1=" " ind2=" " tag="CAT"><subfield code="a">Sys</subfield><subfield code="c">20110510</subfield><subfield code="h">145542</subfield></datafield></record></collection>